<?xml version="1.0" encoding="UTF-8"?>
  <record xmlns="http://www.loc.gov/MARC21/slim" type="Authority">
    <leader>00000nz  a2200000nc 4500</leader>
    <controlfield tag="001">118801783</controlfield>
    <controlfield tag="003">DE-101</controlfield>
    <controlfield tag="005">20220721175716.0</controlfield>
    <controlfield tag="008">880701n||azznnaabn           | aaa    |c</controlfield>
    <datafield tag="024" ind1="7" ind2=" ">
      <subfield code="a">118801783</subfield>
      <subfield code="0">http://d-nb.info/gnd/118801783</subfield>
      <subfield code="2">gnd</subfield>
    </datafield>
    <datafield tag="035" ind1=" " ind2=" ">
      <subfield code="a">(DE-101)118801783</subfield>
    </datafield>
    <datafield tag="035" ind1=" " ind2=" ">
      <subfield code="a">(DE-588)118801783</subfield>
    </datafield>
    <datafield tag="035" ind1=" " ind2=" ">
      <subfield code="z">(DE-588)119847574</subfield>
    </datafield>
    <datafield tag="035" ind1=" " ind2=" ">
      <subfield code="z">(DE-588a)119847574</subfield>
      <subfield code="9">v:zg</subfield>
    </datafield>
    <datafield tag="035" ind1=" " ind2=" ">
      <subfield code="z">(DE-588a)118801783</subfield>
      <subfield code="9">v:zg</subfield>
    </datafield>
    <datafield tag="035" ind1=" " ind2=" ">
      <subfield code="z">(DE-588c)4114732-7</subfield>
      <subfield code="9">v:zg</subfield>
    </datafield>
    <datafield tag="040" ind1=" " ind2=" ">
      <subfield code="a">DE-101</subfield>
      <subfield code="c">DE-101</subfield>
      <subfield code="9">r:DE-101</subfield>
      <subfield code="b">ger</subfield>
      <subfield code="d">9999</subfield>
    </datafield>
    <datafield tag="042" ind1=" " ind2=" ">
      <subfield code="a">gnd1</subfield>
    </datafield>
    <datafield tag="043" ind1=" " ind2=" ">
      <subfield code="c">XS</subfield>
    </datafield>
    <datafield tag="065" ind1=" " ind2=" ">
      <subfield code="a">4.7p</subfield>
      <subfield code="2">sswd</subfield>
    </datafield>
    <datafield tag="065" ind1=" " ind2=" ">
      <subfield code="a">11.2p</subfield>
      <subfield code="2">sswd</subfield>
    </datafield>
    <datafield tag="065" ind1=" " ind2=" ">
      <subfield code="a">16.1p</subfield>
      <subfield code="2">sswd</subfield>
    </datafield>
    <datafield tag="075" ind1=" " ind2=" ">
      <subfield code="b">p</subfield>
      <subfield code="2">gndgen</subfield>
    </datafield>
    <datafield tag="075" ind1=" " ind2=" ">
      <subfield code="b">piz</subfield>
      <subfield code="2">gndspec</subfield>
    </datafield>
    <datafield tag="079" ind1=" " ind2=" ">
      <subfield code="a">g</subfield>
      <subfield code="q">s</subfield>
      <subfield code="q">f</subfield>
      <subfield code="q">p</subfield>
      <subfield code="q">a</subfield>
      <subfield code="q">t</subfield>
      <subfield code="u">v</subfield>
      <subfield code="u">w</subfield>
    </datafield>
    <datafield tag="100" ind1="0" ind2=" ">
      <subfield code="a">Themistius</subfield>
      <subfield code="d">317-388</subfield>
    </datafield>
    <datafield tag="377" ind1=" " ind2="7">
      <subfield code="a">grc</subfield>
      <subfield code="2">iso639-2b</subfield>
    </datafield>
    <datafield tag="400" ind1="0" ind2=" ">
      <subfield code="a">Themistios</subfield>
      <subfield code="c">Redner</subfield>
      <subfield code="d">317-388</subfield>
    </datafield>
    <datafield tag="400" ind1="0" ind2=" ">
      <subfield code="a">Themistios</subfield>
      <subfield code="c">Griechischer Sophist</subfield>
      <subfield code="d">317-388</subfield>
    </datafield>
    <datafield tag="400" ind1="0" ind2=" ">
      <subfield code="a">Themistios</subfield>
      <subfield code="d">317-388</subfield>
      <subfield code="9">v:R:RAK-ÖB</subfield>
    </datafield>
    <datafield tag="400" ind1="0" ind2=" ">
      <subfield code="a">Themistios</subfield>
      <subfield code="c">Philosophos</subfield>
      <subfield code="d">317-388</subfield>
    </datafield>
    <datafield tag="400" ind1="0" ind2=" ">
      <subfield code="a">Themistius</subfield>
      <subfield code="c">Rhetor</subfield>
      <subfield code="d">317-388</subfield>
    </datafield>
    <datafield tag="400" ind1="0" ind2=" ">
      <subfield code="a">Temistio</subfield>
      <subfield code="c">Retore Greco</subfield>
      <subfield code="d">317-388</subfield>
    </datafield>
    <datafield tag="400" ind1="0" ind2=" ">
      <subfield code="a">Themistios</subfield>
      <subfield code="c">Sohn des Eugenios</subfield>
      <subfield code="d">317-388</subfield>
    </datafield>
    <datafield tag="400" ind1="1" ind2=" ">
      <subfield code="a">Euphrada, Themistius</subfield>
      <subfield code="d">317-388</subfield>
    </datafield>
    <datafield tag="400" ind1="1" ind2=" ">
      <subfield code="a">Euphrades, Themistius</subfield>
      <subfield code="d">317-388</subfield>
    </datafield>
    <datafield tag="400" ind1="0" ind2=" ">
      <subfield code="a">Themistias</subfield>
      <subfield code="c">Euphrades</subfield>
      <subfield code="d">317-388</subfield>
    </datafield>
    <datafield tag="400" ind1="0" ind2=" ">
      <subfield code="a">Themistios</subfield>
      <subfield code="c">Euphrades</subfield>
      <subfield code="d">317-388</subfield>
    </datafield>
    <datafield tag="400" ind1="0" ind2=" ">
      <subfield code="a">Themistius</subfield>
      <subfield code="c">Euphrada</subfield>
      <subfield code="d">317-388</subfield>
    </datafield>
    <datafield tag="400" ind1="0" ind2=" ">
      <subfield code="a">Themistius</subfield>
      <subfield code="c">Euphrades</subfield>
      <subfield code="d">317-388</subfield>
    </datafield>
    <datafield tag="400" ind1="0" ind2=" ">
      <subfield code="a">Themistius</subfield>
      <subfield code="c">Euphrades Paphlago</subfield>
      <subfield code="d">317-388</subfield>
    </datafield>
    <datafield tag="400" ind1="0" ind2=" ">
      <subfield code="a">Themistios</subfield>
      <subfield code="c">von Konstantinopel</subfield>
      <subfield code="d">317-388</subfield>
    </datafield>
    <datafield tag="400" ind1="0" ind2=" ">
      <subfield code="a">Themistios</subfield>
      <subfield code="c">von Paphlagonien</subfield>
      <subfield code="d">317-388</subfield>
    </datafield>
    <datafield tag="400" ind1="0" ind2=" ">
      <subfield code="a">Temistio</subfield>
      <subfield code="d">317-388</subfield>
    </datafield>
    <datafield tag="400" ind1="0" ind2=" ">
      <subfield code="a">Themistios</subfield>
      <subfield code="d">317-388</subfield>
    </datafield>
    <datafield tag="400" ind1="0" ind2=" ">
      <subfield code="a">Themiste</subfield>
      <subfield code="d">317-388</subfield>
    </datafield>
    <datafield tag="400" ind1="0" ind2=" ">
      <subfield code="a">Pseudo-Themistius</subfield>
      <subfield code="d">317-388</subfield>
    </datafield>
    <datafield tag="400" ind1="0" ind2=" ">
      <subfield code="a">Ṯāmisṭiyūs</subfield>
      <subfield code="d">317-388</subfield>
    </datafield>
    <datafield tag="400" ind1="0" ind2=" ">
      <subfield code="a">Ṯāmisṭīyūs</subfield>
      <subfield code="d">317-388</subfield>
    </datafield>
    <datafield tag="400" ind1="0" ind2=" ">
      <subfield code="a">Ṯāmisṭyūs</subfield>
      <subfield code="d">317-388</subfield>
    </datafield>
    <datafield tag="400" ind1="0" ind2=" ">
      <subfield code="a">Themistius Constantinopolitanus</subfield>
      <subfield code="d">317-388</subfield>
    </datafield>
    <datafield tag="400" ind1="0" ind2=" ">
      <subfield code="a">Temistio della Paflagonia</subfield>
      <subfield code="d">317-388</subfield>
    </datafield>
    <datafield tag="400" ind1="0" ind2=" ">
      <subfield code="a">Temistio</subfield>
      <subfield code="c">della Paflagonia</subfield>
      <subfield code="d">317-388</subfield>
    </datafield>
    <datafield tag="400" ind1="0" ind2=" ">
      <subfield code="a">Themistius Sophista</subfield>
      <subfield code="d">317-388</subfield>
    </datafield>
    <datafield tag="400" ind1="0" ind2=" ">
      <subfield code="a">Temistio Sofista</subfield>
      <subfield code="d">317-388</subfield>
    </datafield>
    <datafield tag="400" ind1="0" ind2=" ">
      <subfield code="a">Temistio</subfield>
      <subfield code="c">Sofista</subfield>
      <subfield code="d">317-388</subfield>
    </datafield>
    <datafield tag="400" ind1="0" ind2=" ">
      <subfield code="a">Themistius</subfield>
      <subfield code="c">Sophist</subfield>
      <subfield code="d">317-388</subfield>
    </datafield>
    <datafield tag="400" ind1="0" ind2=" ">
      <subfield code="a">Themistius</subfield>
      <subfield code="c">Sophista</subfield>
      <subfield code="d">317-388</subfield>
    </datafield>
    <datafield tag="400" ind1="0" ind2=" ">
      <subfield code="a">Themistius</subfield>
      <subfield code="c">Peripateticus</subfield>
      <subfield code="d">317-388</subfield>
    </datafield>
    <datafield tag="400" ind1="0" ind2=" ">
      <subfield code="a">Themistius</subfield>
      <subfield code="c">Orator</subfield>
      <subfield code="d">317-388</subfield>
    </datafield>
    <datafield tag="400" ind1="0" ind2=" ">
      <subfield code="9">U:Arab</subfield>
      <subfield code="9">L:per</subfield>
      <subfield code="a">ثامسطیوس</subfield>
      <subfield code="d">317-388</subfield>
    </datafield>
    <datafield tag="548" ind1=" " ind2=" ">
      <subfield code="a">317-388</subfield>
      <subfield code="4">datl</subfield>
      <subfield code="4">https://d-nb.info/standards/elementset/gnd#dateOfBirthAndDeath</subfield>
      <subfield code="w">r</subfield>
      <subfield code="i">Lebensdaten</subfield>
      <subfield code="9">v:Geburtsjahr ca.</subfield>
    </datafield>
    <datafield tag="548" ind1=" " ind2=" ">
      <subfield code="a">03-</subfield>
      <subfield code="4">datu</subfield>
      <subfield code="4">https://d-nb.info/standards/elementset/gnd#udkCode</subfield>
      <subfield code="w">r</subfield>
      <subfield code="i">UDK</subfield>
    </datafield>
    <datafield tag="550" ind1=" " ind2=" ">
      <subfield code="0">(DE-101)040457907</subfield>
      <subfield code="0">(DE-588)4045790-4</subfield>
      <subfield code="0">https://d-nb.info/gnd/4045790-4</subfield>
      <subfield code="a">Philosoph</subfield>
      <subfield code="4">berc</subfield>
      <subfield code="4">https://d-nb.info/standards/elementset/gnd#professionOrOccupation</subfield>
      <subfield code="w">r</subfield>
      <subfield code="i">Charakteristischer Beruf</subfield>
    </datafield>
    <datafield tag="667" ind1=" " ind2=" ">
      <subfield code="a">12-PMA</subfield>
    </datafield>
    <datafield tag="667" ind1=" " ind2=" ">
      <subfield code="a">12</subfield>
    </datafield>
    <datafield tag="667" ind1=" " ind2=" ">
      <subfield code="a">384</subfield>
    </datafield>
    <datafield tag="667" ind1=" " ind2=" ">
      <subfield code="a">7</subfield>
    </datafield>
    <datafield tag="667" ind1=" " ind2=" ">
      <subfield code="a">12-PAN</subfield>
    </datafield>
    <datafield tag="667" ind1=" " ind2=" ">
      <subfield code="a">VD-17</subfield>
    </datafield>
    <datafield tag="667" ind1=" " ind2=" ">
      <subfield code="a">TITAN</subfield>
    </datafield>
    <datafield tag="667" ind1=" " ind2=" ">
      <subfield code="a">Quelle: DNB-Normdaten (Info DNB: Lebensdaten 317-388 Land Griechenland &lt;Altertum&gt; (XS) Weitere Angaben Griech. Redner u. Philosoph, Sophist)</subfield>
    </datafield>
    <datafield tag="670" ind1=" " ind2=" ">
      <subfield code="a">PAN; Thes. ling. Graec.; Lex. alte Welt</subfield>
    </datafield>
    <datafield tag="670" ind1=" " ind2=" ">
      <subfield code="a">LCAuth, GND</subfield>
    </datafield>
    <datafield tag="672" ind1=" " ind2="0">
      <subfield code="a">Themistius &lt;Peripateticus&gt;: Logoi hex basilikoi</subfield>
      <subfield code="f">1605</subfield>
    </datafield>
    <datafield tag="672" ind1=" " ind2="0">
      <subfield code="a">Oribasius: Complectens scripta aliquot Oribasii, Procopii, Isaei, Themistii, Porphyrii, P*</subfield>
      <subfield code="f">1831</subfield>
    </datafield>
    <datafield tag="672" ind1=" " ind2="0">
      <subfield code="a">Themistius: Omnia opera</subfield>
      <subfield code="f">1534</subfield>
    </datafield>
    <datafield tag="672" ind1=" " ind2="0">
      <subfield code="a">Iulianus &lt;Imperium Romanum, Imperator&gt;: Epistola a Temistio</subfield>
      <subfield code="f">1984</subfield>
    </datafield>
    <datafield tag="678" ind1=" " ind2=" ">
      <subfield code="b">Griech. Redner u. Philosoph, Sophist</subfield>
    </datafield>
    <datafield tag="678" ind1=" " ind2=" ">
      <subfield code="b">Philosoph, Rhetoriker, Griechenland</subfield>
    </datafield>
    <datafield tag="678" ind1=" " ind2=" ">
      <subfield code="b">3.ed., New York 1990. Er lebte ca. 317 - ca. 388 n. Chr. u. war seit ca. 345 Leiter 1 philosophisch/ rhetorisch orient. Schule in Konstantinopel. Den Beinamen &lt;Euphradēs&gt; erhielt er erst später.</subfield>
    </datafield>
    <datafield tag="678" ind1=" " ind2=" ">
      <subfield code="b">EST: Paraphrases n. fachwiss. Gebr. Sammeltit. für d. Paraphrasen zu d. Aristotel. Schriften, wenn 2 o. mehr enth., sonst Einzeltit. s. 973ff</subfield>
    </datafield>
    <datafield tag="678" ind1=" " ind2=" ">
      <subfield code="b">EST: Orationes n. fachwiss. Gebr. Sammeltit. für d. Reden, wenn 2 o. mehr enth., sonst Einzeltit. Achtung: für d. meisten Reden ist 1 lat. EST ungebräuchlich.</subfield>
    </datafield>
    <datafield tag="700" ind1="0" ind2="4">
      <subfield code="9">U:Arab</subfield>
      <subfield code="9">L:ara</subfield>
      <subfield code="a">ثامسطيوس</subfield>
      <subfield code="d">317-388</subfield>
    </datafield>
    <datafield tag="913" ind1=" " ind2=" ">
      <subfield code="S">pnd</subfield>
      <subfield code="i">5</subfield>
      <subfield code="a">Themistius</subfield>
      <subfield code="0">(DE-588a)118801783</subfield>
    </datafield>
    <datafield tag="913" ind1=" " ind2=" ">
      <subfield code="S">pnd</subfield>
      <subfield code="i">5</subfield>
      <subfield code="a">Themistius</subfield>
      <subfield code="0">(DE-588a)119847574</subfield>
    </datafield>
  </record>
